<?xml version="1.0" encoding="UTF-8"?><collection xmlns="http://www.loc.gov/MARC21/slim"><record><leader>00473nam--2200169-i-4500</leader><controlfield tag="001">000011072</controlfield><controlfield tag="002">20161230</controlfield><controlfield tag="005">20170115164129</controlfield><controlfield tag="008">060222s1000------------r-----000-0-eng-d</controlfield><datafield ind1=" " ind2=" " tag="080"><subfield code="a">681.32</subfield></datafield><datafield ind1=" " ind2=" " tag="100"><subfield code="a">Epure, Mircea</subfield></datafield><datafield ind1=" " ind2=" " tag="245"><subfield code="a">Calculatoarele felix c-256, iris-5o,imb 360/3o ,40. Functionare si depanare</subfield></datafield><datafield ind1=" " ind2=" " tag="260"><subfield code="a">Bucuresti</subfield><subfield code="b">Editura Tehnica</subfield><subfield code="c">1974</subfield></datafield><datafield ind1=" " ind2=" " tag="300"><subfield code="a">232 p</subfield></datafield><datafield ind1=" " ind2=" " tag="490"><subfield code="a">Colectia Automatica-informatica</subfield></datafield><datafield ind1=" " ind2=" " tag="852"><subfield code="a">40907</subfield></datafield><datafield ind1=" " ind2=" " tag="CAT"><subfield code="a">SYS</subfield><subfield code="c">20170115</subfield><subfield code="h">164129</subfield></datafield></record></collection>